@ARTICLE{likert,
	AUTHOR = "R. Likert",
	TITLE = "A Technique for the Measurement of Attitudes",
	JOURNAL = "Archives of Psychology",
	VOLUME = {140},
	PAGES = {44-53},
	YEAR = {1932}	}

@ARTICLE{gender-peer-review,
        AUTHOR ="L Bornmann and R Mutz and H Daniel",
        TITLE = "Gender differences in grant peer review: A
        meta-analysis",
        JOURNAL = "Journal of Informetrics",
        VOLUME = 1,
        NUMBER = 3,
        PAGES = "226--238",
        YEAR = 2007,
        } 

@inproceedings{fisher-womenincs,
 author = {Fisher, Allan and Margolis, Jane and Miller, Faye},
 title = {Undergraduate women in computer science: experience, motivation and culture},
 booktitle = {SIGCSE Technical Symposium on Computer Science Education},
 year = {1997},
 isbn = {0-89791-889-4},
 old_location = {San Jose, California, United States},
 pages = {106--110},
 numpages = {5},
 url = {http://doi.acm.org/10.1145/268084.268127},
 doi = {http://doi.acm.org/10.1145/268084.268127},
 acmid = {268127},
 old_publisher = {ACM},
 old_address = {New York, NY, USA},
} 

@inproceedings{Carter-choosetomajor,
 author = {Carter, Lori},
 title = {Why students with an apparent aptitude for computer science don't choose to major in computer science},
 booktitle = {SIGCSE Technical Symposium on Computer Science Education},
 year = {2006},
 isbn = {1-59593-259-3},
 old_location = {Houston, Texas, USA},
 pages = {27--31},
 numpages = {5},
 url = {http://doi.acm.org/10.1145/1121341.1121352},
 doi = {http://doi.acm.org/10.1145/1121341.1121352},
 acmid = {1121352},
 old_publisher = {ACM},
 old_address = {New York, NY, USA},
 keywords = {computer science major, declining computer science enrollment, definition of computer science, gender issues in computer science, high school computer science education},
}

@article{groundedtheory,
 title={Grounded Theory and Organizational Research},
 volume={22},
 url={http://jab.sagepub.com/cgi/doi/10.1177/002188638602200207}, 
number={2},
 journal={The Journal of Applied Behavioral Science}, 
author={Martin, P Y and Turner, Barry A},
 year={1986}, 
pages={141--157}}

@inproceedings{Scragg-barriers,
 author = {Scragg, Greg and Smith, Jesse},
 title = {A study of barriers to women in undergraduate computer science},
 booktitle = {SIGCSE Technical Symposium on Computer Science Education},
 year = {1998},
 isbn = {0-89791-994-7},
 location = {Atlanta, Georgia, United States},
 pages = {82--86},
 numpages = {5},
 url = {http://doi.acm.org/10.1145/273133.273167},
 doi = {http://doi.acm.org/10.1145/273133.273167},
 acmid = {273167},
 old_publisher = {ACM},
 old_address = {New York, NY, USA},
} 

@article{impostersyndrome,
    author = {Clance, Pauline and Imes, Suzanne},
    journal = {Psychotherapy Theory, Research and Practice},
    keywords = {gradstudent, toread, women},
    number = {3},
    posted-at = {2008-07-09 09:25:36},
    priority = {2},
    title = {{The Imposter Phenomenon in High Achieving Women: Dynamics and Therapeutic Intervention}},
    url = {http://www2.gsu.edu/\~{}wwwaow/resources/ip\_high\_achieving\_women.pdf},
    volume = {15},
    year = {1978}
}

@inproceedings{Sipe-Perceptions,
 author = {Sipe, Stephanie and Johnson, C. Douglas and Fisher, Donna K.},
 title = {University Students' Perceptions of Gender Discrimination in the Workplace: Reality versus Fiction},
 booktitle = {Journal of Education for Business},
 year = {2009},
 pages = {339--349},
 numpages = {10}} 
} 

@misc{ womenincs-DOE,
    title = "Digest of Education Statistics",
    author = {{US Dept. Education}},
    howpublished = {\url{http://nces.ed.gov/programs/digest/d10}},
    year = "2009",
    } 

@inproceedings{Spertus-whysofew,
 author = {Spertus, Ellen},
 title = {Why Are There So Few Female Computer Scientists?},
 year = {1991},
 month = {aug}, 
 pages = {1--112}, 
 booktitle = {MIT AI Lab Tech Report 1315},
} 

@article{Werner-pairprog,
 author = {Werner, Linda L. and Hanks, Brian and McDowell, Charlie},
 title = {Pair-programming helps female computer science students},
 journal = {J. Educ. Resour. Comput.},
 issue_date = {March 2004},
 volume = {4},
 issue = {1},
 month = {March},
 year = {2004},
 issn = {1531-4278},
 articleno = {4},
 url = {http://doi.acm.org/10.1145/1060071.1060075},
 doi = {http://doi.acm.org/10.1145/1060071.1060075},
 acmid = {1060075},
 publisher = {ACM},
 address = {New York, NY, USA},
 keywords = {Pair programming, collaboration, gender},
} 

@article{Cohoon-retention,
 author = {Cohoon, J. McGrath},
 title = {Toward improving female retention in the computer science major},
 journal = {Commun. ACM},
 issue_date = {May 2001},
 volume = {44},
 issue = {5},
 old_month = {May},
 year = {2001},
 issn = {0001-0782},
 pages = {108--114},
 numpages = {7},
 url = {http://doi.acm.org/10.1145/374308.374367},
 doi = {http://doi.acm.org/10.1145/374308.374367},
 acmid = {374367},
 publisher = {ACM},
 address = {New York, NY, USA},
} 

@article{Camp,
 author = {Camp, Tracy},
 title = {The incredible shrinking pipeline},
 journal = {Commun. ACM},
 volume = {40},
 issue = {10},
 month = {October},
 year = {1997},
 issn = {0001-0782},
 pages = {103--110},
 numpages = {8},
 url = {http://doi.acm.org/10.1145/262793.262813},
 doi = {http://doi.acm.org/10.1145/262793.262813},
 acmid = {262813},
 publisher = {ACM},
 address = {New York, NY, USA},
} 

@inproceedings{Kumar,
	author = { Amruth Kumar },
	title = { Software Tutors Help Female Students Learn Programming Concepts Just as Well as Male Students },
	old_editor = { Theo Bastiaens and Saul Carliner },
	booktitle = { E-Learning in Corporate, Government, Healthcare, and Higher Education },
	year = { 2007 },
	month = { October },
	pages = { 6840--6845 },
	old_address = { Quebec City, Canada },
	old_publisher = { AACE },
	url = { http://www.editlib.org/p/26869 }
}

@inproceedings{Cohoon-101X,
 author = {Cohoon, James P. and Tychonievich, Luther A.},
 title = {Analysis of a {CS1} approach for attracting diverse and inexperienced students to computing majors},
 booktitle = {SIGCSE Technical Symposium on Computer Science Education},
 year = {2011},
 isbn = {978-1-4503-0500-6},
 old_location = {Dallas, TX, USA},
 pages = {165--170},
 numpages = {6},
 url = {http://doi.acm.org/10.1145/1953163.1953217},
 doi = {http://doi.acm.org/10.1145/1953163.1953217},
 acmid = {1953217},
 old_publisher = {ACM},
 old_address = {New York, NY, USA},
 keywords = {CS1, diversity, education, introductory computer science, pedagogy, programming, teaching},
} 

@article{Tenenberg-diciplinematters,
 author = {Tenenberg, Josh and McCartney, Robert},
 title = {Why Discipline Matters in Computing Education Scholarship},
 journal = {Trans. Comput. Educ.},
 issue_date = {January 2010},
 volume = {9},
 issue = {4},
 month = {January},
 year = {2010},
 issn = {1946-6226},
 pages = {18:1--18:7},
 articleno = {18},
 numpages = {7},
 url = {http://doi.acm.org/10.1145/1656255.1656256},
 doi = {http://doi.acm.org/10.1145/1656255.1656256},
 acmid = {1656256},
 publisher = {ACM},
 address = {New York, NY, USA},
 keywords = {Computing education, community of practice, epistemic culture, scholarship of teaching and learning},
} 

@article{Sieverding-gender,
 author = {Sieverding, Monika and Koch, Sabine C.},
 title = {(Self-)Evaluation of computer competence: How gender matters},
 journal = {Comput. Educ.},
 volume = {52},
 issue = {3},
 month = {April},
 year = {2009},
 issn = {0360-1315},
 pages = {696--701},
 numpages = {6},
 url = {http://dx.doi.org/10.1016/j.compedu.2008.11.016},
 doi = {http://dx.doi.org/10.1016/j.compedu.2008.11.016},
 acmid = {1502883},
 publisher = {Elsevier Science Ltd.},
 address = {Oxford, UK, UK},
 keywords = {Attribution of success, Computer competence, Gender studies, Media in education, Self-evaluation},
} 

@article{Gibson-careers,
 author = {Gibson, Donald E. and Lawrence, Barbara S.},
 title = {Women's and Men's Career Referents: How Gender Composition and Comparison Level Shape Career Expectations},
 journal = {Organization Science},
 volume = {21},
 issue = {6},
 month = {November},
 year = {2010},
 issn = {1526-5455},
 pages = {1159--1175},
 numpages = {17},
 url = {http://dx.doi.org/10.1287/orsc.1090.0508},
 doi = {http://dx.doi.org/10.1287/orsc.1090.0508},
 acmid = {1889694},
 publisher = {INFORMS},
 address = {Institute for Operations Research and the Management Sciences (INFORMS), Linthicum, Maryland, USA},
 keywords = {career achievement, career expectations, gender, referents, social comparison},
} 

@article{Plumm-classroombias,
 author = {Plumm, Karyn M.},
 title = {Technology in the classroom: Burning the bridges to the gaps in gender-biased education?},
 journal = {Comput. Educ.},
 volume = {50},
 issue = {3},
 month = {April},
 year = {2008},
 issn = {0360-1315},
 pages = {1052--1068},
 numpages = {17},
 url = {http://dl.acm.org/citation.cfm?id=1342427.1342643},
 doi = {10.1016/j.compedu.2006.10.005},
 acmid = {1342643},
 publisher = {Elsevier Science Ltd.},
 address = {Oxford, UK, UK},
 keywords = {Gender studies, Improving classroom teaching},
} 

@article{Klawe-increasingpaarticipation,
 author = {Klawe, Maria},
 title = {Increasing the participation of females in computing careers},
 journal = {J. Comput. Sci. Coll.},
 issue_date = {October 2011},
 volume = {27},
 issue = {1},
 month = {October},
 year = {2011},
 issn = {1937-4771},
 pages = {98--100},
 numpages = {3},
 url = {http://dl.acm.org/citation.cfm?id=2037151.2037173},
 acmid = {2037173},
 publisher = {Consortium for Computing Sciences in Colleges},
 address = {USA},
} 

@inproceedings{Clayton-impostor,
 author = {Clayton, Kaylene L. and von Hellens, Liisa A. and Nielsen, Sue H.},
 title = {Gender stereotypes prevail in ICT: a research review},
 booktitle = {Proceedings of the special interest group on management information system's 47th annual conference on Computer personnel research},
 series = {SIGMIS CPR '09},
 year = {2009},
 isbn = {978-1-60558-427-0},
 location = {Limerick, Ireland},
 pages = {153--158},
 numpages = {6},
 url = {http://doi.acm.org/10.1145/1542130.1542160},
 doi = {http://doi.acm.org/10.1145/1542130.1542160},
 acmid = {1542160},
 publisher = {ACM},
 address = {New York, NY, USA},
 keywords = {gender stereotypes, ict occupations},
} 

@article{Frenkel-women,
 author = {Frenkel, Karen A.},
 title = {Women and computing},
 journal = {Commun. ACM},
 volume = {33},
 issue = {11},
 month = {November},
 year = {1990},
 issn = {0001-0782},
 pages = {34--46},
 numpages = {13},
 url = {http://doi.acm.org/10.1145/92755.92756},
 doi = {http://doi.acm.org/10.1145/92755.92756},
 acmid = {92756},
 publisher = {ACM},
 address = {New York, NY, USA},
} 

@article{Dale-studentprofile,
 author = {Austing, Richard and Baldwin, Lynne J. and McKay, Lucia and Shaw, Mary},
 note = {Moderator-Dale, Nell},
 title = {Curriculum 78 (Panel Discussion): Consequences for the student profile},
 journal = {SIGCSE Bull.},
 issue_date = {February 1979},
 volume = {11},
 issue = {1},
 month = {January},
 year = {1979},
 issn = {0097-8418},
 pages = {87--88},
 numpages = {2},
 url = {http://doi.acm.org/10.1145/953030.809560},
 doi = {http://doi.acm.org/10.1145/953030.809560},
 acmid = {809560},
 publisher = {ACM},
 address = {New York, NY, USA},
} 

@article{Montanelli-women,
 author = {Montanelli,Jr., Richard G. and Mamrak, Sandra A.},
 title = {The status of women and minorities in academic computer science},
 journal = {Commun. ACM},
 volume = {19},
 issue = {10},
 month = {October},
 year = {1976},
 issn = {0001-0782},
 pages = {578--581},
 numpages = {4},
 url = {http://doi.acm.org/10.1145/360349.360361},
 doi = {http://doi.acm.org/10.1145/360349.360361},
 acmid = {360361},
 publisher = {ACM},
 address = {New York, NY, USA},
 keywords = {Title VII, Title XI, academic employment, affirmative actions, computer science degree programs, discrimination against minorities, discrimination against women, faculty, graduate students, undergraduate students},
} 

@article{Ehrlinger,
author = {Ehrlinger, Joyce and Dunning, David},
title = {How chronic self-views influence (and potentially mislead) estimates of performance.},
journal = {J Pers Soc Psychol},
volume = {84},
year = {2003},
number = {1},
numpages = {5-17},
url = {http://www.biomedsearch.com/nih/How-chronic-self-views-influence/12518967.html},
}

@article{beyer,
    author = {Beyer, S.},
    citeulike-article-id = {9850808},
    journal = {Journal of Personality and Social Psychology},
    keywords = {reference},
    pages = {960--970},
    posted-at = {2011-10-04 17:16:32},
    priority = {2},
    title = {{Gender differences in the accuracy of self-evaluations of performance}},
    volume = {59},
    year = {1990}
}